<?xml version="1.0" encoding="UTF-8"?><collection xmlns="http://www.loc.gov/MARC21/slim"><record><leader>00371nam--2200133-i-4500</leader><controlfield tag="001">000018241</controlfield><controlfield tag="002">20161230</controlfield><controlfield tag="005">20161230201032</controlfield><controlfield tag="008">060222s1000------------r-----000-0-eng-d</controlfield><datafield ind1=" " ind2=" " tag="080"><subfield code="a">699.82+699.86</subfield></datafield><datafield ind1=" " ind2=" " tag="100"><subfield code="a">Eichler, Friedrich</subfield></datafield><datafield ind1=" " ind2=" " tag="245"><subfield code="a">Caldura si vaporii de apa in cladiri.traducere din limba germana</subfield></datafield><datafield ind1=" " ind2=" " tag="260"><subfield code="a">Bucuresti, Editura Tehnica, 1957.214 P</subfield></datafield><datafield ind1=" " ind2=" " tag="852"><subfield code="a">5883</subfield></datafield></record></collection>